<?xml version="1.0" encoding="utf-8"?>
<record xmlns="http://www.loc.gov/MARC21/slim" xmlns:xsi="http://www.w3.org/2001/XMLSchema-instance" xsi:schemaLocation="http://www.loc.gov/MARC21/slim http://www.loc.gov/standards/marcxml/schema/MARC21slim.xsd">
	<leader>     nam a22        4500</leader>
	<controlfield tag="001">b12514056</controlfield>
	<controlfield tag="003">LeBAU</controlfield>
	<controlfield tag="006">m        d        </controlfield>
	<controlfield tag="007">cr cn |||m|||a</controlfield>
	<controlfield tag="008">171023s1910    ua      ob    ||0 0 ara d</controlfield>
	<datafield ind1=" " ind2=" " tag="040">
		<subfield code="a">NNU</subfield>
		<subfield code="b">ara</subfield>
		<subfield code="e">rda</subfield>
		<subfield code="c">NNU</subfield>
	</datafield>
	<datafield ind1=" " ind2="4" tag="050">
		<subfield code="a">PJ6065</subfield>
		<subfield code="b">.A33 1910</subfield>
	</datafield>
	<datafield ind1="0" ind2="4" tag="082">
		<subfield code="a">808</subfield>
		<subfield code="2">22</subfield>
	</datafield>
	<datafield ind1="1" ind2=" " tag="100">
		<subfield code="6">880-01</subfield>
		<subfield code="a">ʻAbd al-Khāliq, Ibrāhīm,</subfield>
		<subfield code="e">author.</subfield>
	</datafield>
	<datafield ind1="1" ind2="3" tag="245">
		<subfield code="6">880-02</subfield>
		<subfield code="a">al-Taṭbīqāt al-ʻArabiyyah li-talāmīdh al-madāris al-thānawīyah /</subfield>
		<subfield code="c">ta’līf Ibrāhīm ʻAbd al-Khāliq, mudarris al-‘ulūm al-‘Arabīyah bi-al-qism al-thānawī bi-kullīyat al-Aqbāṭ bi-al-Qāhirah.</subfield>
	</datafield>
	<datafield ind1=" " ind2=" " tag="250">
		<subfield code="6">880-03</subfield>
		<subfield code="a">al-Ṭab‘ah al-ūlá.</subfield>
	</datafield>
	<datafield ind1=" " ind2="1" tag="264">
		<subfield code="6">880-04</subfield>
		<subfield code="a">Miṣr :</subfield>
		<subfield code="b">Maṭbaʻat al-Tawfīq,</subfield>
		<subfield code="c">1328 H. = 1910 M.</subfield>
	</datafield>
	<datafield ind1=" " ind2=" " tag="300">
		<subfield code="6">880-05</subfield>
		<subfield code="a">online resource (2 volumes)</subfield>
	</datafield>
	<datafield ind1=" " ind2=" " tag="336">
		<subfield code="a">text</subfield>
		<subfield code="2">rdacontent</subfield>
	</datafield>
	<datafield ind1=" " ind2=" " tag="337">
		<subfield code="a">computer</subfield>
		<subfield code="2">rdamedia</subfield>
	</datafield>
	<datafield ind1=" " ind2=" " tag="338">
		<subfield code="a">online resource</subfield>
		<subfield code="2">rdacarrier</subfield>
	</datafield>
	<datafield ind1=" " ind2=" " tag="500">
		<subfield code="a">Part of the Arabic Collections Online (ACO) project, contributed by American University of Beirut's Jafet Memorial Library.</subfield>
	</datafield>
	<datafield ind1=" " ind2=" " tag="533">
		<subfield code="a">Electronic reproduction.</subfield>
		<subfield code="b">New York, N.Y. :</subfield>
		<subfield code="c">New York University,</subfield>
		<subfield code="d">2017.</subfield>
		<subfield code="5">NNU</subfield>
	</datafield>
	<datafield ind1=" " ind2="0" tag="650">
		<subfield code="6">880-06</subfield>
		<subfield code="a">Arabic language</subfield>
		<subfield code="x">Study and teaching (Secondary)</subfield>
	</datafield>
	<datafield ind1=" " ind2="0" tag="650">
		<subfield code="6">880-07</subfield>
		<subfield code="a">Rhetoric</subfield>
		<subfield code="x">Study and teaching (Secondary)</subfield>
	</datafield>
	<datafield ind1="2" ind2=" " tag="710">
		<subfield code="a">Jafet Memorial Library.</subfield>
	</datafield>
	<datafield ind1="0" ind2=" " tag="730">
		<subfield code="a">Arabic Collections Online.</subfield>
	</datafield>
	<datafield ind1="0" ind2="8" tag="776">
		<subfield code="i">Print version:</subfield>
		<subfield code="a">ʻAbd al-Khāliq, Ibrāhīm, author.</subfield>
		<subfield code="t">al-Taṭbīqāt al-ʻArabiyyah li-talāmīdh al-madāris al-thānawīyah</subfield>
		<subfield code="w">(LeBAU)b12514056</subfield>
	</datafield>
	<datafield ind1="4" ind2="0" tag="856">
		<subfield code="u">http://hdl.handle.net/2333.1/7pvmd1nj</subfield>
	</datafield>
	<datafield ind1="1" ind2=" " tag="880">
		<subfield code="6">100-01/r</subfield>
		<subfield code="a">عبد الخالق، إبراهيم،‪‪‪‪‪‪‪</subfield>
		<subfield code="e">مؤلف.‪‪‪‪‪‪‪</subfield>
		<subfield code="4">aut.</subfield>
	</datafield>
	<datafield ind1="1" ind2="2" tag="880">
		<subfield code="6">245-02/r</subfield>
		<subfield code="a">التطبيقات العربية لتلاميذ المدارس الثانوية /‪‪‪‪‪‪‪</subfield>
		<subfield code="c">تأليف إبراهيم عبد الخالق، مدرس العلوم العربية بالقسم الثانوي بكلية الأقباط بالقاهرة.‪‪‪‪‪‪‪</subfield>
	</datafield>
	<datafield ind1=" " ind2=" " tag="880">
		<subfield code="6">250-03/r</subfield>
		<subfield code="a">الطبعة الأولى.‪‪‪‪‪‪‪</subfield>
	</datafield>
	<datafield ind1=" " ind2="1" tag="880">
		<subfield code="6">264-04/r</subfield>
		<subfield code="a">مصر :‪‪‪‪‪‪‪</subfield>
		<subfield code="b">مطبعة التوفيق،‪‪‪‪‪‪‪</subfield>
		<subfield code="c">1328 هـ. = 1910 م.‪‪‪‪‪‪‪</subfield>
	</datafield>
	<datafield ind1=" " ind2=" " tag="880">
		<subfield code="6">300-05/r</subfield>
		<subfield code="a">2 جزء ؛‪‪‪‪‪‪‪</subfield>
		<subfield code="c">20 سم‪‪‪‪‪‪‪</subfield>
	</datafield>
	<datafield ind1="0" ind2=" " tag="880">
		<subfield code="6">505-00/r</subfield>
		<subfield code="a">الجزء الأول. يشتمل على ما تقرر تدريسه من النحو و الصرف بكتاب قواعد اللغة العربية لتلاميذ السنة الأولى والثانية ... --الجزء الثاني. يشتمل على ما تقرر تدريسه من علوم البلاغة بكتاب قواعد اللغة العربية لتلاميذ السنة الثالثة والرابعة طبقا لما جاء ببرنامج نظارة المعارف العمومية.‪‪‪‪‪‪‪</subfield>
	</datafield>
	<datafield ind1=" " ind2=" " tag="880">
		<subfield code="6">590-00/r</subfield>
		<subfield code="a">في المكتبة: الجزء 2.‪‪‪‪‪‪‪</subfield>
	</datafield>
	<datafield ind1=" " ind2="4" tag="880">
		<subfield code="6">650-06/r</subfield>
		<subfield code="a">اللغة العربية‪‪‪‪‪‪‪</subfield>
		<subfield code="x">الدرس والتدريس (الثانوي)‪‪‪‪‪‪‪</subfield>
	</datafield>
	<datafield ind1=" " ind2="4" tag="880">
		<subfield code="6">650-07/r</subfield>
		<subfield code="a">البلاغة‪‪‪‪‪‪‪</subfield>
		<subfield code="x">الدرس والتدريس (الثانوي)‪‪‪‪‪‪‪</subfield>
	</datafield>
	<datafield ind1=" " ind2=" " tag="959">
		<subfield code="a">NNU</subfield>
		<subfield code="b">WEB</subfield>
		<subfield code="c">GENI</subfield>
		<subfield code="t">0</subfield>
		<subfield code="m">Electronic access</subfield>
		<subfield code="s">01</subfield>
	</datafield>
	<datafield ind1=" " ind2=" " tag="999">
		<subfield code="i">LeBAU_b12514056</subfield>
		<subfield code="s">aub_aco001249:v.2</subfield>
		<subfield code="e">(ERROR-MISC)</subfield>
		<subfield code="s">aub_aco001249:v.2</subfield>
	</datafield>
</record>
